@article{einstein,
    author  = "George D. Greenwade",
    title   = "The {C}omprehensive {T}ex {A}rchive {N}etwork ({CTAN})",
    year    = "1993",
    journal = "TUGBoat",
    volume  = "14",
    number  = "3",
    pages   = "342--351"
}
@misc{jeffe,
    author  = "Jeff Erickson",
    title   = "Teaching notes about Convex Hulls",
    year    = "2004",
    url = "https://jeffe.cs.illinois.edu/teaching/compgeom/notes/14-convexhull.pdf",
    note = "[Online; accessed 19-January-2022]"
}
@misc{wiki:1,
  author = "Wikipedia",
  title = "Output-sensitive algorithm --- Wikipedia{,} the free encyclopedia",
  year = "2021",
  url = "https://en.wikipedia.org/wiki/Output-sensitive_algorithm",
  note = "[Online; accessed 19-January-2022]"
}
@article{preparata,
    author  = "Franco P. Preparata, S.J. Hong",
    title   = "Convex Hulls of Finite Sets of Points in Two and Three Dimensions",
    year    = "1977",
    journal = "Commun. ACM",
    volume  = "20",
    number  = "2",
    pages   = "87--93"
}
@article{chan,
    author  = "T. M. Chan",
    title   = "Optimal Output-Sensitive Convex Hull Algorithms in Two and Three Dimensions",
    year    = "1996",
    journal = "Discrete \& Computational Geometry",
    volume  = "16",
    number  = "3",
    pages   = "361--368"
}
@misc{pruneandsearch,
    author  = "Jianer Chen",
    title   = "Prune and Search",
    year    = "2019",
    url = "https://people.engr.tamu.edu/j-chen3/courses/620/2019/notes/Ch6.pdf",
    note = "[Online; accessed 20-January-2022]"
}
@article{kirkseidel,
    author  = "David G. Kirkpatrick, Raimund Seidel",
    title   = "The ultimate planar convex hull algorithm?",
    year    = "1986",
    journal = "Siam J. Comput.",
    volume  = "15",
    number  = "1",
    pages   = "287--299"
}
@article{incremental,
    author  = "Gang Mei, John C.Tipper, Nengxiong Xu",
    title   = "An Algorithm for Finding Convex Hulls of Planar Point Sets",
    year = "2012",
    journal = "2nd International Conference",
    pages   = "888--891"
}
@article{jarvis,
    author  = "Jarvis, R. A.",
    title   = "On the identification of the convex hull of a finite set of points in the plane",
    year = "1973",
    volume = "2",
    journal = "Information Processing Letters",
    pages   = "18--21"
}
@book{computgeombook,
  author = "Mark de Berg and Otfried Cheong and Marc van Kreveld and Mark Overmars",
  year = {2008},
  edition= {3},
  title = "Computational Geometry. Algorithms and Applications",
  publisher = {Springer}
}
@misc{divideandconquer3d,
    author  = "Michael Kazhdan",
    title   = "Convex Hulls (3D)",
    year    = "2016",
    url = "https://www.cs.jhu.edu/~misha/Spring16/09.pdf",
    note = "[Online; accessed 25-January-2022]"
}
@article{quickhull3D,
    author  = "C. Bradford Barber, David P. Dobkin, Hannu Huhdanpaa",
    title   = "The quickhull algorithm for convex hulls",
    year = "1996",
    volume = "22",
    journal = "ACM Transactions on Mathematical Software",
    pages   = "469--483"
}
@misc{kirk_tufts,
    author  = "Diane Souvaine",
    title   = "The Kirkpatrick-Seidel Marriage Before Conquest
Algorithm",
    year    = "2005",
    url = "http://www.cs.tufts.edu/comp/163/notes05/CH_marr_before_conq_handout.pdf",
    note = "[Online; accessed 25-January-2022]"
}
@misc{wall_problem,
    author  = "Sergey Volchenkov, Roman Elizarov",
    title   = "Wall",
    year    = "2001",
    url = "https://acm.timus.ru/problem.aspx?space=1&num=1185",
    note = "[Online; accessed 30-January-2022]"
}
@misc{fence_orthogonality_problem,
    author  = "Kattis",
    title   = "Fence Orthogonality",
    year    = "2013",
    url = "https://open.kattis.com/problems/fenceortho",
    note = "[Online; accessed 30-January-2022]"
}
@article{bb_collinear,
    author  = "H.Freeman, R.Shapira",
    title   = "Determining the Minimum-Area Encasing Rectangle for an Arbitrary Closed Curve",
    year = "1975",
    volume = "18",
    journal = "Communications of the ACM",
    pages   = "409--413"
}